<record><leader>00000cas a22000007a 4500</leader><controlfield tag="001">11846601</controlfield><controlfield tag="008">850325d18991900wiuwr ne      0    0eng d</controlfield><datafield ind1=" " ind2=" " tag="010"><subfield code="a">sn 85040369 </subfield></datafield><datafield ind1=" " ind2=" " tag="040"><subfield code="a">NPV</subfield><subfield code="b">eng</subfield><subfield code="c">NPV</subfield><subfield code="d">OCLCQ</subfield></datafield><datafield ind1=" " ind2=" " tag="042"><subfield code="a">msc</subfield></datafield><datafield ind1=" " ind2=" " tag="043"><subfield code="a">n-us-wi</subfield></datafield><datafield ind1=" " ind2=" " tag="045"><subfield code="a">w9x0</subfield></datafield><datafield ind1=" " ind2=" " tag="052"><subfield code="a">4123</subfield><subfield code="b">D3</subfield></datafield><datafield ind1="0" ind2="4" tag="245"><subfield code="a">The Windsor herald.</subfield></datafield><datafield ind1=" " ind2=" " tag="260"><subfield code="a">Windsor, Wis. :</subfield><subfield code="b">N.M. Nelson,</subfield><subfield code="c">1899-</subfield></datafield><datafield ind1=" " ind2=" " tag="300"><subfield code="a">v. :</subfield><subfield code="b">ill.</subfield></datafield><datafield ind1=" " ind2=" " tag="310"><subfield code="a">Weekly</subfield></datafield><datafield ind1="0" ind2=" " tag="362"><subfield code="a">Vol. 1, no. 1 (Jan. 4, 1899)-</subfield></datafield><datafield ind1="1" ind2=" " tag="362"><subfield code="a">Ceased in 1900.</subfield><subfield code="z">Cf. Oehlerts, d. Guide to Wis. newspapers.</subfield></datafield><datafield ind1=" " ind2=" " tag="500"><subfield code="a">Editor: N.M. Nelson, Jan. 4, 1899-&lt;Feb. 9, 1900&gt;.</subfield></datafield><datafield ind1=" " ind2=" " tag="530"><subfield code="a">Available on microfilm from The State Historical Society of Wisconsin.</subfield></datafield><datafield ind1=" " ind2=" " tag="752"><subfield code="a">United States</subfield><subfield code="b">Wisconsin</subfield><subfield code="c">Dane</subfield><subfield code="d">Waunakee.</subfield></datafield><datafield ind1="1" ind2=" " tag="029"><subfield code="a">AU@</subfield><subfield code="b">000025799837</subfield></datafield></record>